
@inproceedings{heaps,
   author = {G. Duck and J. Jaffar and N. Koh},
   title = {Constraint-based Program Reasoning with Heaps and Separation},
   booktitle = {Proceedings of the 19$^{th}$ International Conference on
        Principles and Practice of Constraint Programming (CP)},
   year = {2013}
}

@inproceedings{smchr2,
  author    = {G. Duck},
  title     = {Satisfiability Modulo Constraint Handling Rules (Extended
               Abstract)},
  booktitle = {Proceedings of the 23$^{rd}$ International Joint
               Conference on Artificial Intelligence (IJCAI)},
  year      = {2013}
}

@article{smchr,
    author  = {G. Duck},
    title   = {{SMCHR}: Satisfiability modulo constraint handling rules},
    journal = {Theory and Practice of Logic Programming},
    volume  = {12},
    number  = {4-5},
    year    = {2012},
    pages   = {601-618},
    note    = {Proceedings of the 28$^{th}$ international conference on
        Logic Programming (ICLP)}
}


